<?xml version="1.0" encoding="UTF-8"?><collection xmlns="http://www.loc.gov/MARC21/slim"><record><leader>00605nam--2200181-i-4500</leader><controlfield tag="001">000017567</controlfield><controlfield tag="002">20161230</controlfield><controlfield tag="005">20161230201032</controlfield><controlfield tag="008">060222s1000------------r-----000-0-fre-d</controlfield><datafield ind1=" " ind2=" " tag="040"><subfield code="a">IFIN-HH</subfield></datafield><datafield ind1=" " ind2=" " tag="041"><subfield code="a">fre</subfield></datafield><datafield ind1=" " ind2=" " tag="080"><subfield code="a">541.28:539.12.04:577.3</subfield></datafield><datafield ind1="1" ind2=" " tag="100"><subfield code="a">Haissinsky, M</subfield></datafield><datafield ind1="1" ind2="0" tag="245"><subfield code="a">Actions chimiques et biologiques des radiations</subfield><subfield code="b">Quatrieme serie les peroxydes organiques en radiobiologie (organic peroxide in radiobiology)</subfield><subfield code="c">M. haissinsky (collection dirigee par)</subfield></datafield><datafield ind1=" " ind2=" " tag="260"><subfield code="a">Paris</subfield><subfield code="b">Masson Et C-ie Editeurs</subfield><subfield code="c">1958</subfield></datafield><datafield ind1=" " ind2=" " tag="300"><subfield code="a">153P</subfield></datafield><datafield ind1=" " ind2=" " tag="852"><subfield code="a">10336</subfield><subfield code="c">539.12.04</subfield></datafield><datafield ind1=" " ind2=" " tag="CAT"><subfield code="a">Sys</subfield><subfield code="c">20120202</subfield><subfield code="h">134532</subfield></datafield></record></collection>